
@misc{volpato2012,
  author = {Volpato, Gilson},
  title = {{AULA 20 de 42 - TRÊS TIPOS LÓGICOS DE PESQUISA}},
  howpublished = {YouTube},
  year = {2012},
  month = {mar},
  note = {Disponível em: \url{https://www.youtube.com/watch?v=XoTQo7fUfos}. Acesso em: 12 out. 2025}
}

@online{britannica2024,
  author = {{Encyclopaedia Britannica}},
  title = {{Scientific Hypothesis}},
  year = {2024},
  url = {https://www.britannica.com/science/scientific-hypothesis},
  note = {Acesso em: 13 out. 2024}
}

@article{hofer2004,
  author = {H{\"o}fer, Thomas and Przyrembel, Hildegard and Verleger, Silvia},
  title = {{New evidence for the theory of the stork}},
  journal = {Paediatric and Perinatal Epidemiology},
  volume = {18},
  number = {1},
  pages = {88--92},
  year = {2004}
}